@techreport{doe:16,
	author = {John Doe},
	title = {My Technical Report Regarding Important Topics},
	institution = {IBM},
	year = {2016},
	number = {ABC123-0815},
	url = {https://example.org}
}

@book{smi:60,
	 author = {Jane Smith},
	 title = {Books: Should you really read them?},
	 year = {1460},
	 edition = {1},
	 publisher = {Gutenberg Press},
	 address = {Strasbourg}
} 

@Online{mus:16,
	author = {Max Mustermann and Moritz Mustermann},
	title = {This is a cool website with funny cat pictures},
	url = {https://example.org},
	date = {2016-06},
	urldate = {2016-01-01}
}

@article{wri:81,
	author = {Tim Writer},
	title = {How to write articles},
	journal = {MyMagazine},
	issue_date = {Nov. 1981},
	volume = {42},
	number = {01},
	month = {01},
	year = {1984},
	pages = {770-772},
	publisher = {ACM},
	address = {New York}
} 

@techreport{wai:99,
	author = {D. Waitzman},
	title = {IP over Avian Carriers with Quality of Service},
	howpublished = {Internet Requests for Comments},
	type = {RFC},
	number = {2289},
	year = {1999},
	month = {4},
	day = {1},
	url = {https://www.ietf.org/rfc/rfc2549},
}

@MastersThesis{stu:89,
	author = {Jane Student},
	title = {Important Thesis Title},
	school = {Milky Way University of Melmac},
	year = {1989},
	type = {Master Thesis}
}
